<record><leader>00000cas a2200000 a 4500</leader><controlfield tag="001">12378640</controlfield><controlfield tag="008">850813d18821905ksuwr ne      0   a0eng d</controlfield><datafield ind1=" " ind2=" " tag="010"><subfield code="a">sn 85029677 </subfield></datafield><datafield ind1=" " ind2=" " tag="040"><subfield code="a">KSH</subfield><subfield code="b">eng</subfield><subfield code="c">KSH</subfield><subfield code="d">NPT</subfield><subfield code="d">OCL</subfield><subfield code="d">OCLCQ</subfield><subfield code="d">DLC</subfield><subfield code="d">OCLCF</subfield></datafield><datafield ind1="0" ind2=" " tag="022"><subfield code="a">2329-2598</subfield><subfield code="2">1</subfield></datafield><datafield ind1=" " ind2=" " tag="042"><subfield code="a">msc</subfield><subfield code="a">nsdp</subfield></datafield><datafield ind1=" " ind2=" " tag="043"><subfield code="a">n-us-ks</subfield></datafield><datafield ind1="0" ind2="0" tag="050"><subfield code="a">Newspaper</subfield></datafield><datafield ind1="0" ind2="0" tag="082"><subfield code="a">071</subfield><subfield code="2">23</subfield></datafield><datafield ind1=" " ind2="0" tag="222"><subfield code="a">Phillipsburg herald</subfield><subfield code="b">(Print)</subfield></datafield><datafield ind1="0" ind2="0" tag="245"><subfield code="a">Phillipsburg herald.</subfield></datafield><datafield ind1="3" ind2="0" tag="246"><subfield code="a">Daily herald</subfield></datafield><datafield ind1=" " ind2=" " tag="260"><subfield code="a">Phillipsburg, Kan. :</subfield><subfield code="b">Herald Pub. Association,</subfield><subfield code="c">1882-1905.</subfield></datafield><datafield ind1=" " ind2=" " tag="300"><subfield code="a">22 v. :</subfield><subfield code="b">ill. ;</subfield><subfield code="c">53-58 cm.</subfield></datafield><datafield ind1=" " ind2=" " tag="310"><subfield code="a">Weekly,</subfield><subfield code="b">Nov. 15, 1902-Apr. 13, 1905</subfield></datafield><datafield ind1=" " ind2=" " tag="321"><subfield code="a">Weekly,</subfield><subfield code="b">Sept 7, 1882-Mar. 28, 1901</subfield></datafield><datafield ind1=" " ind2=" " tag="321"><subfield code="a">Semiweekly,</subfield><subfield code="b">Apr. 2, 1901-Nov. 8, 1902</subfield></datafield><datafield ind1="0" ind2=" " tag="362"><subfield code="a">Vol. 4, no. 46 (Sept 7, 1882)-v. 26, no. 26 (Apr. 13, 1905).</subfield></datafield><datafield ind1=" " ind2=" " tag="500"><subfield code="a">Published daily during the Phillipsburg fair as: Daily herald, &lt;Sept. 27&gt;, 1882-</subfield></datafield><datafield ind1=" " ind2=" " tag="500"><subfield code="a">Publisher varies.</subfield></datafield><datafield ind1=" " ind2=" " tag="500"><subfield code="a">"Republican."</subfield></datafield><datafield ind1=" " ind2=" " tag="525"><subfield code="a">Includes supplements.</subfield></datafield><datafield ind1=" " ind2=" " tag="530"><subfield code="a">Archived issues are available in digital format as part of the Library of Congress Chronicling America online collection.</subfield></datafield><datafield ind1=" " ind2="0" tag="651"><subfield code="a">Phillipsburg (Kan.)</subfield><subfield code="v">Newspapers.</subfield></datafield><datafield ind1=" " ind2="7" tag="655"><subfield code="a">Newspapers.</subfield><subfield code="2">fast</subfield><subfield code="0">(OCoLC)fst01423814</subfield></datafield><datafield ind1=" " ind2="7" tag="651"><subfield code="a">Kansas</subfield><subfield code="z">Phillipsburg.</subfield><subfield code="2">fast</subfield><subfield code="0">(OCoLC)fst01227483</subfield></datafield><datafield ind1=" " ind2=" " tag="752"><subfield code="a">United States</subfield><subfield code="b">Kansas</subfield><subfield code="c">Phillips</subfield><subfield code="d">Phillipsburg.</subfield></datafield><datafield ind1="0" ind2="8" tag="776"><subfield code="i">Online version:</subfield><subfield code="t">Phillipsburg herald (Online)</subfield><subfield code="x">2329-2601</subfield><subfield code="w">(DLC)  2013218787</subfield><subfield code="w">(OCoLC)844961484</subfield></datafield><datafield ind1="0" ind2="0" tag="780"><subfield code="t">Phillips County herald</subfield><subfield code="w">(DLC)sn 85029676</subfield><subfield code="w">(OCoLC)12378591</subfield></datafield><datafield ind1="0" ind2="7" tag="785"><subfield code="t">Phillipsburg dispatch (Phillipsburg, Kan. : 1886)</subfield><subfield code="w">(DLC)sn 85029664</subfield><subfield code="w">(OCoLC)12378688</subfield></datafield><datafield ind1="0" ind2="7" tag="785"><subfield code="t">Phillipsburg dispatch and the Phillipsburg herald</subfield><subfield code="w">(DLC)sn 85029689</subfield><subfield code="w">(OCoLC)12378725</subfield></datafield><datafield ind1="4" ind2="1" tag="856"><subfield code="u">http://chroniclingamerica.loc.gov/lccn/sn85029677/issues</subfield></datafield></record>